<?xml version="1.0" encoding="utf-8"?>
<record xmlns="http://www.loc.gov/MARC21/slim" xmlns:xsi="http://www.w3.org/2001/XMLSchema-instance" xsi:schemaLocation="http://www.loc.gov/MARC21/slim http://www.loc.gov/standards/marcxml/schema/MARC21slim.xsd">
	<leader>     nam a22        4500</leader>
	<controlfield tag="001">002813524</controlfield>
	<controlfield tag="003">NNU</controlfield>
	<controlfield tag="006">m        d        </controlfield>
	<controlfield tag="007">cr cn |||m|||a</controlfield>
	<controlfield tag="008">150626m19681969ir h    ob    000 0 araxd</controlfield>
	<datafield ind1=" " ind2=" " tag="040">
		<subfield code="a">NNU</subfield>
		<subfield code="b">eng</subfield>
		<subfield code="c">NNU</subfield>
	</datafield>
	<datafield ind1="0" ind2=" " tag="050">
		<subfield code="a">BP193.25</subfield>
		<subfield code="b">.K842 1968</subfield>
	</datafield>
	<datafield ind1=" " ind2=" " tag="090">
		<subfield code="a">BP193.25</subfield>
		<subfield code="b">.K842 1968</subfield>
	</datafield>
	<datafield ind1="1" ind2=" " tag="100">
		<subfield code="a">Kulaynī, Muḥammad ibn Yaʻqūb,</subfield>
		<subfield code="d">d. 941?</subfield>
	</datafield>
	<datafield ind1="0" ind2="0" tag="240">
		<subfield code="a">Kāfī</subfield>
	</datafield>
	<datafield ind1="1" ind2="3" tag="245">
		<subfield code="a">al-Uṣūl min al-Kāfī</subfield>
		<subfield code="h">[electronic resource] /</subfield>
		<subfield code="c">taʼlīf Abī Jaʻfar Muḥammad ibn Yaʻqūb ibn Isḥāq al-Kulyanī al-Rāzī. Maʻa taʻlīqāt nāfiʻah maʼkhūdhah min ʻiddat shurūḥ. Ṣaḥḥaḥahu wa-ʻallaqa ʻalayhi ʻAlī Akbar al-Ghaffārī. Nahaḍa bi-mashrūʻihi Muḥammad al-Ākhūndī.</subfield>
	</datafield>
	<datafield ind1=" " ind2=" " tag="250">
		<subfield code="a">al-Ṭabʻah 3.</subfield>
	</datafield>
	<datafield ind1=" " ind2=" " tag="260">
		<subfield code="a">Tihrān,</subfield>
		<subfield code="b">Dār al-Kutub al-Islāmīyah</subfield>
		<subfield code="c">1388-89 [1968 or 9-69 or 70]</subfield>
	</datafield>
	<datafield ind1=" " ind2=" " tag="300">
		<subfield code="a">online resource (8 v.) :</subfield>
		<subfield code="b">facsims.</subfield>
	</datafield>
	<datafield ind1=" " ind2=" " tag="500">
		<subfield code="a">Vols. 3-7 entitled: al-Furūʻ min al-Kāfī, v. 8: al-Rawḍah min al-Kāfī.</subfield>
	</datafield>
	<datafield ind1=" " ind2=" " tag="500">
		<subfield code="a">Vol. 8: al-Ṭabʻah 2.; vols. 3-7 lack ed. statement.</subfield>
	</datafield>
	<datafield ind1=" " ind2=" " tag="500">
		<subfield code="a">Part of the Arabic Collections Online (ACO) project, contributed by New York Univeristy Libraries.</subfield>
	</datafield>
	<datafield ind1=" " ind2=" " tag="504">
		<subfield code="a">Includes bibliographies.</subfield>
	</datafield>
	<datafield ind1=" " ind2=" " tag="533">
		<subfield code="a">Electronic reproduction.</subfield>
		<subfield code="b">New York, N.Y. :</subfield>
		<subfield code="c">New York University,</subfield>
		<subfield code="d">2015.</subfield>
		<subfield code="5">NNU</subfield>
	</datafield>
	<datafield ind1=" " ind2="0" tag="650">
		<subfield code="a">Hadith (Shiites)</subfield>
	</datafield>
	<datafield ind1="1" ind2=" " tag="700">
		<subfield code="a">Akhūndī, Muḥammad.</subfield>
	</datafield>
	<datafield ind1="1" ind2=" " tag="700">
		<subfield code="a">Ghaffārī, ʻAlī Akbar.</subfield>
	</datafield>
	<datafield ind1="2" ind2=" " tag="710">
		<subfield code="a">New York University.</subfield>
		<subfield code="b">Libraries.</subfield>
	</datafield>
	<datafield ind1="0" ind2=" " tag="730">
		<subfield code="a">Arabic Collections Online.</subfield>
	</datafield>
	<datafield ind1="3" ind2=" " tag="740">
		<subfield code="a">al-Rawḍah min al-Kāfī.</subfield>
	</datafield>
	<datafield ind1="3" ind2=" " tag="740">
		<subfield code="a">al-Furūʻ min al-Kāfī.</subfield>
	</datafield>
	<datafield ind1="0" ind2="8" tag="776">
		<subfield code="i">Print version:</subfield>
		<subfield code="a">Kulaynī, Muḥammad ibn Yaʻqūb, d. 941?</subfield>
		<subfield code="t">al-Uṣūl min al-Kāfī</subfield>
		<subfield code="w">(NNU)002813524</subfield>
		<subfield code="w">(DLC)74204825</subfield>
	</datafield>
	<datafield ind1="4" ind2="0" tag="856">
		<subfield code="u">http://hdl.handle.net/2333.1/kkwh73br</subfield>
	</datafield>
	<datafield ind1=" " ind2=" " tag="959">
		<subfield code="a">NNU</subfield>
		<subfield code="b">WEB</subfield>
		<subfield code="c">GENI</subfield>
		<subfield code="t">0</subfield>
		<subfield code="m">Electronic access</subfield>
		<subfield code="s">01</subfield>
	</datafield>
	<datafield ind1=" " ind2=" " tag="999">
		<subfield code="i">NNU_002813524</subfield>
		<subfield code="s">nyu_aco000929:v.1</subfield>
		<subfield code="s">nyu_aco000930:v.2</subfield>
		<subfield code="s">nyu_aco000931:v.3</subfield>
		<subfield code="s">nyu_aco000932:v.4</subfield>
		<subfield code="s">nyu_aco000933:v.5</subfield>
		<subfield code="s">nyu_aco000934:v.6</subfield>
		<subfield code="s">nyu_aco000935:v.7</subfield>
		<subfield code="s">nyu_aco000936:v.8</subfield>
		<subfield code="e">(ERROR-880)</subfield>
	</datafield>
</record>
